
@PHDTHESIS{raanes2016thesis,
    author = {Raanes, Patrick N.},
    title = {Improvements to Ensemble Methods for Data Assimilation in the Geosciences},
    school = {University of Oxford},
    year = {2016},
    note = {\url{ https://ora.ox.ac.uk/objects/uuid:9f9961f0-6906-4147-a8a9-ca9f2d0e4a12}},
    month = {January}
}

@article{bocquet2010beyond,
    title={Beyond {G}aussian statistical modeling in geophysical data assimilation},
    author={Bocquet, Marc and Pires, Carlos A. and Wu, Lin},
    journal={Monthly Weather Review},
    volume={138},
    number={8},
    pages={2997--3023},
    year={2010}
}

@article{bocquet2015expanding,
    title={Expanding the validity of the ensemble {K}alman filter without the intrinsic need for inflation},
    author={Bocquet, Marc and Raanes, Patrick N. and Hannart, Alexis},
    journal={Nonlinear Processes in Geophysics},
    VOLUME = {22},
    YEAR = {2015},
    NUMBER = {6},
    PAGES = {645--662},
}

@article{sakov2008implications,
    title={Implications of the form of the ensemble transformation in the ensemble square root filters},
    author={Sakov, Pavel and Oke, Peter R.},
    journal={Monthly Weather Review},
    volume={136},
    number={3},
    pages={1042--1053},
    year={2008}
}

@article{wiljes2016second,
    title={Second-order accurate ensemble transform particle filters},
    author={de Wiljes, Jana and Acevedo, Walter and Reich, Sebastian},
    journal={arXiv preprint arXiv:1608.08179},
    year={2016}
}

@article{bocquet2011ensemble,
    title={Ensemble {K}alman filtering without the intrinsic need for inflation},
    author={Bocquet, Marc},
    journal={Nonlinear Processes in Geophysics},
    volume={18},
    number={5},
    pages={735--750},
    year={2011}
}

@article{hoteit2015mitigating,
    title={Mitigating Observation Perturbation Sampling Errors in the Stochastic {EnKF}},
    author={Hoteit, I. and Pham, D.-T. and Gharamti, M. E. and Luo, X.},
    journal={Monthly Weather Review},
    pages={2918--2936},
    volume={143},
    number={7},
    year={2015}
}

@article{bocquet2013joint,
    title={Joint state and parameter estimation with an iterative ensemble {K}alman smoother},
    author={Bocquet, Marc and Sakov, Pavel},
    journal={Nonlinear Processes in Geophysics},
    volume={20},
    number={5},
    pages={803--818},
    year={2013}
}

@article{hunt2007efficient,
    title={Efficient data assimilation for spatiotemporal chaos: A local ensemble transform {K}alman filter},
    author={Hunt, Brian R. and Kostelich, Eric J. and Szunyogh, Istvan},
    journal={Physica D: Nonlinear Phenomena},
    volume={230},
    number={1},
    pages={112--126},
    year={2007},
    publisher={Elsevier}
}

@article{karspeck2007experimental,
    title={Experimental implementation of an ensemble adjustment filter for an intermediate {ENSO} model},
    author={Karspeck, Alicia R. and Anderson, Jeffrey L.},
    journal={Journal of Climate},
    volume={20},
    number={18},
    pages={4638--4658},
    year={2007}
}

@article{todter2015second,
    title={A second-order exact ensemble square root filter for nonlinear data assimilation},
    author={T{\"o}dter, Julian and Ahrens, Bodo},
    journal={Monthly Weather Review},
    volume={143},
    number={4},
    pages={1347--1367},
    year={2015}
}

@article{chen2003bayesian,
    title={{B}ayesian filtering: From {K}alman filters to particle filters, and beyond},
    author={Chen, Zhe},
    journal={Statistics},
    volume={182},
    number={1},
    pages={1--69},
    year={2003}
}

@article{bocquet2012combining,
    title={Combining inflation-free and iterative ensemble {K}alman filters for strongly nonlinear systems},
    author={Bocquet, Marc and Sakov, Pavel},
    journal={Nonlinear Processes in Geophysics},
    volume={19},
    number={3},
    pages={383--399},
    year={2012}
}

@book{doucet2001sequential,
    title={Sequential {M}onte {C}arlo Methods in Practice},
    author={Doucet, Arnaud and {De Freitas}, Nando and Gordon, Neil},
    year={2001},
    publisher={Springer}
}

@incollection{liu2001theoretical,
    title={A theoretical framework for sequential importance sampling with resampling},
    author={Liu, Jun S. and Chen, Rong and Logvinenko, Tanya},
    booktitle={Sequential Monte Carlo methods in practice},
    pages={225--246},
    year={2001},
    publisher={Springer}
}

@article{bocquet2014iterative,
    title={An iterative ensemble {K}alman smoother},
    author={Bocquet, Marc and Sakov, Pavel},
    journal={Quarterly Journal of the Royal Meteorological Society},
    volume={140},
    number={682},
    pages={1521--1535},
    year={2014},
    publisher={Wiley Online Library}
}

@article{sakov2008deterministic,
    title={A deterministic formulation of the ensemble {K}alman filter: an alternative to ensemble square root filters},
    author={Sakov, Pavel and Oke, Peter R.},
    journal={Tellus A},
    volume={60},
    number={2},
    pages={361--371},
    year={2008},
    publisher={Wiley Online Library}
}

@article{zupanski2005maximum,
    title={Maximum likelihood ensemble filter: Theoretical aspects},
    author={Zupanski, Milija},
    journal={Monthly Weather Review},
    volume={133},
    number={6},
    pages={1710--1726},
    year={2005}
}

@article{sakov2012iterative,
    title={An Iterative {EnKF} for Strongly Nonlinear Systems.},
    author={Sakov, Pavel and Oliver, Dean S. and Bertino, Laurent},
    journal={Monthly Weather Review},
    volume={140},
    number={6},
    pages={1988--2004},
    year={2012}
}

@article{evensen2009ensemble,
    title={The ensemble {K}alman filter for combined state and parameter estimation},
    author={Evensen, G.},
    journal={Control Systems, IEEE},
    volume={29},
    number={3},
    pages={83--104},
    year={2009},
    publisher={IEEE}
}

@article{raanes2015rts,
author = {Raanes, Patrick Nima},
title = {On the ensemble {R}auch-{T}ung-{S}triebel smoother and its equivalence to the ensemble {K}alman smoother},
journal = {Quarterly Journal of the Royal Meteorological Society},
volume = {142},
number = {696},
pages = {1259--1264},
year = {2016}
}

@article{anderson2010non,
    title={A Non-{G}aussian Ensemble Filter Update for Data Assimilation.},
    author={Anderson, Jeffrey L.},
    journal={Monthly Weather Review},
    volume={138},
    number={11},
    pages={4186--4198},
    year={2010}
}

@article{raanes2019revising,
    title={Revising the stochastic iterative ensemble smoother},
    author={Raanes, Patrick Nima and Stordal, Andreas St{\o}rksen and Evensen, Geir},
    journal={Nonlinear Processes in Geophysics},
    volume={26},
    number={3},
    pages={325--338},
    year={2019},
    publisher={Copernicus GmbH}
}

@article{van2009particle,
    title={Particle filtering in geophysical systems},
    author={{v}an Leeuwen, Peter Jan},
    journal={Monthly Weather Review},
    volume={137},
    number={12},
    pages={4089--4114},
    year={2009}
}

@article{raanes2019adaptive,
author = {Raanes, Patrick N. and Bocquet, Marc and Carrassi, Alberto},
title = {Adaptive covariance inflation in the ensemble {K}alman filter by {G}aussian scale mixtures},
journal = {Quarterly Journal of the Royal Meteorological Society},
volume={145},
number={718},
pages={53--75},
year={2019},
publisher={Wiley Online Library},
doi={10.1002/qj.3386},
}

@article{lei2011moment,
    title={A moment matching ensemble filter for nonlinear non-{G}aussian data assimilation},
    author={Lei, Jing and Bickel, Peter},
    journal={Monthly Weather Review},
    volume={139},
    number={12},
    pages={3964--3973},
    year={2011}
}

@article{wikle2007bayesian,
    title={A {B}ayesian tutorial for data assimilation},
    author={Wikle, C. K. and Berliner, L. M.},
    journal={Physica D: Nonlinear Phenomena},
    volume={230},
    number={1-2},
    pages={1--16},
    year={2007},
    publisher={Elsevier}
}

@article{doucet2009tutorial,
    title={A tutorial on particle filtering and smoothing: fifteen years later},
    author={Doucet, Arnaud and Johansen, Adam M.},
    journal={Handbook of Nonlinear Filtering},
    pages={656--704},
    year={2009},
    publisher={Oxford, UK: Oxford University Press}
}

@article{bocquet2016localization,
    title={Localization and the iterative ensemble {K}alman smoother},
    author={Bocquet, Marc},
    journal={Quarterly Journal of the Royal Meteorological Society},
    volume={142},
    number={695},
    pages={1075--1089},
    year={2016},
    publisher={Wiley Online Library}
}

@article{raanes2014ext,
    author={Raanes, Patrick N. and Carrassi, Alberto and Bertino, Laurent},
    title={Extending the square root method to account for model noise in the ensemble {K}alman filter},
    journal={Monthly Weather Review},
    volume={143},
    number={10},
    pages={3857--3873},
    year={2015}
}

@article{lorenz1998optimal,
    title={Optimal sites for supplementary weather observations: Simulation with a small model},
    author={Lorenz, Edward N. and Emanuel, Kerry A.},
    journal={Journal of the Atmospheric Sciences},
    volume={55},
    number={3},
    pages={399--414},
    year={1998}
}

@article{frei2013mixture,
  title={Mixture ensemble Kalman filters},
  author={Frei, Marco and K{\"u}nsch, Hans R},
  journal={Computational Statistics \& Data Analysis},
  volume={58},
  pages={127--138},
  year={2013},
  publisher={Elsevier}
}

@article{frei2013bridging,
    title={Bridging the ensemble {K}alman and particle filters},
    author={Frei, Marco and K{\"u}nsch, Hans R},
    journal={Biometrika},
    pages={ast020},
    year={2013},
    publisher={Biometrika Trust}
}

@article{miyoshi2011gaussian,
    title={The {G}aussian approach to adaptive covariance inflation and its implementation with the local ensemble transform {K}alman filter},
    author={Miyoshi, Takemasa},
    journal={Monthly Weather Review},
    volume={139},
    number={5},
    pages={1519--1535},
    year={2011}
}

@Article{mandel2016hybrid,
AUTHOR = {Mandel, J. and Bergou, E. and G\"urol, S. and Gratton, S. and Kasanick\'y, I.},
TITLE = {Hybrid {L}evenberg-{M}arquardt and weak-constraint ensemble {K}alman smoother method},
JOURNAL = {Nonlinear Processes in Geophysics},
VOLUME = {23},
YEAR = {2016},
NUMBER = {2},
PAGES = {59--73}
}

@article{anderson2009spatially,
    title={Spatially and temporally varying adaptive covariance inflation for ensemble filters},
    author={Anderson, Jeffrey L.},
    journal={Tellus A},
    volume={61},
    number={1},
    pages={72--83},
    year={2009},
    publisher={Wiley Online Library}
}

@article{bengtsson2003toward,
    title={Toward a nonlinear ensemble filter for high-dimensional systems},
    author={Bengtsson, Thomas and Snyder, Chris and Nychka, Doug},
    journal={Journal of Geophysical Research: Atmospheres},
    volume={108},
    number={D24},
    year={2003},
    publisher={Wiley Online Library}
}

@inproceedings{lorenz1996predictability,
    title={Predictability: A problem partly solved},
    author={Lorenz, Edward N.},
    booktitle={Proc. {ECMWF} Seminar on Predictability},
    volume={1},
    address={Reading, UK},
    pages={1--18},
    year={1996}
}

@article{wilks2005effects,
    title={Effects of stochastic parametrizations in the {Lorenz'96} system},
    author={Wilks, Daniel S.},
    journal={Quarterly Journal of the Royal Meteorological Society},
    volume={131},
    number={606},
    pages={389--407},
    year={2005},
    publisher={Wiley Online Library}
}

@article{counillon2009application,
    title={Application of a hybrid EnKF-OI to ocean forecasting},
    author={Counillon, Fran{\c{c}}ois and Sakov, Pavel and Bertino, Laurent},
    year={2009},
    publisher={Copernicus Publications on behalf of the European Geosciences Union}
}

@article{pajonk2012deterministic,
    title={A deterministic filter for non-{G}aussian {B}ayesian estimation—applications to dynamical system estimation with noisy measurements},
    author={Pajonk, Oliver and Rosi{\'c}, Bojana V. and Litvinenko, Alexander and Matthies, Hermann G.},
    journal={{Physica D}: Nonlinear Phenomena},
    volume={241},
    number={7},
    pages={775--788},
    year={2012},
    publisher={Elsevier}
}

@article{lorenz2005look,
  title={A look at some details of the growth of initial uncertainties},
  author={Lorenz, Edward N.},
  journal={Tellus A: Dynamic Meteorology and Oceanography},
  volume={57},
  number={1},
  pages={1--11},
  year={2005},
  publisher={Taylor \& Francis}
}

@article{bocquet2019consistency,
    title={On the consistency of the local ensemble square root Kalman filter perturbation update},
    author={Bocquet, Marc and Farchi, Alban},
    journal={Tellus A: Dynamic Meteorology and Oceanography},
    volume={71},
    number={1},
    pages={1613142},
    year={2019},
    publisher={Taylor \& Francis}
}

@article{lorenz1984irregularity,
  title={Irregularity: A fundamental property of the atmosphere},
  author={Lorenz, Edward N.},
  journal={Tellus A},
  volume={36},
  number={2},
  pages={98--110},
  year={1984},
  publisher={Wiley Online Library}
}

@article{vano2006chaos,
  title={Chaos in low-dimensional {L}otka--{V}olterra models of competition},
  author={Vano, J. A. and Wildenberg, J. C. and Anderson, M. B. and Noel, J. K. and Sprott, J. C.},
  journal={Nonlinearity},
  volume={19},
  number={10},
  pages={2391},
  year={2006},
  publisher={IOP Publishing}
}

@article{emerick2012history,
    title={History matching time-lapse seismic data using the ensemble {K}alman filter with multiple data assimilations},
    author={Emerick, Alexandre A. and Reynolds, Albert C.},
    file={~/P/Refs/articles/emerick2012history.pdf},
    journal={Computational Geosciences},
    volume={16},
    number={3},
    pages={639--659},
    year={2012},
    publisher={Springer}
}

@article{pinheiro2019efficient,
  title={Efficient nonlinear data assimilation using synchronization in a particle filter},
  author={Pinheiro, Flavia R. and van Leeuwen, Peter J. and Geppert, Gernot},
  journal={Quarterly Journal of the Royal Meteorological Society},
  volume={145},
  number={723},
  pages={2510--2523},
  year={2019},
  publisher={Wiley Online Library}
}

@article{vissio2020mechanics,
  title={Mechanics and thermodynamics of a new minimal model of the atmosphere},
  author={Vissio, Gabriele and Lucarini, Valerio},
  journal={The European Physical Journal Plus},
  volume={135},
  number={10},
  pages={1--21},
  year={2020},
  publisher={Springer}
}
